<?xml version="1.0" encoding="UTF-8"?><collection xmlns="http://www.loc.gov/MARC21/slim"><record><leader>00321nam--2200109-i-4500</leader><controlfield tag="001">000030264</controlfield><controlfield tag="002">20161230</controlfield><controlfield tag="005">20161230201038</controlfield><controlfield tag="008">060222s1000------------r-----000-0-eng-d</controlfield><datafield ind1=" " ind2=" " tag="245"><subfield code="a">Molecular quantum mechanics conference. in revista: the texas journal of science </subfield></datafield><datafield ind1=" " ind2=" " tag="260"><subfield code="a">Austin, Acad.Of Science, 1956, 249p</subfield></datafield><datafield ind1=" " ind2=" " tag="852"><subfield code="a">13156</subfield></datafield></record></collection>